<record><leader>00000cas a2200000 a 4500</leader><controlfield tag="001">11167152</controlfield><controlfield tag="008">840918d18861891ksuwr ne      0   a0eng d</controlfield><datafield ind1=" " ind2=" " tag="010"><subfield code="a">sn 84029775 </subfield></datafield><datafield ind1=" " ind2=" " tag="040"><subfield code="a">KSH</subfield><subfield code="b">eng</subfield><subfield code="c">KSH</subfield><subfield code="d">NPT</subfield><subfield code="d">OCL</subfield><subfield code="d">OCLCQ</subfield></datafield><datafield ind1=" " ind2=" " tag="042"><subfield code="a">msc</subfield></datafield><datafield ind1="0" ind2="0" tag="245"><subfield code="a">Garden City weekly herald.</subfield></datafield><datafield ind1=" " ind2=" " tag="260"><subfield code="a">Garden City, Kan. :</subfield><subfield code="b">Herald Pub. Co.,</subfield><subfield code="c">-1891.</subfield></datafield><datafield ind1=" " ind2=" " tag="300"><subfield code="a">v. :</subfield><subfield code="b">ill. ;</subfield><subfield code="c">70 cm.</subfield></datafield><datafield ind1=" " ind2=" " tag="310"><subfield code="a">Weekly</subfield></datafield><datafield ind1="0" ind2=" " tag="362"><subfield code="a">-v. 6, no. 9 (July 2, 1891).</subfield></datafield><datafield ind1="1" ind2=" " tag="362"><subfield code="a">Began in 1886?</subfield></datafield><datafield ind1=" " ind2=" " tag="500"><subfield code="a">Published by Herald Print. Co., Sept. 22, 1887-July 2, 1891.</subfield></datafield><datafield ind1=" " ind2=" " tag="500"><subfield code="a">"Republican," Aug. 25, 1887-</subfield></datafield><datafield ind1=" " ind2=" " tag="550"><subfield code="a">"Official organ of Finney County and Garden City," July 7, 1887-Dec. 29, 1888.</subfield></datafield><datafield ind1=" " ind2=" " tag="580"><subfield code="a">Issued also in daily edition called: Garden City daily herald, Apr. 23, 1886-Feb. 1, 1890.</subfield></datafield><datafield ind1=" " ind2=" " tag="588"><subfield code="a">Description based on: Vol. 2, no. 9 (July 7, 1887).</subfield></datafield><datafield ind1=" " ind2=" " tag="752"><subfield code="a">United States</subfield><subfield code="b">Kansas</subfield><subfield code="c">Finney</subfield><subfield code="d">Garden City.</subfield></datafield><datafield ind1="1" ind2=" " tag="775"><subfield code="t">Garden City daily herald</subfield><subfield code="g">Apr. 23, 1886-Feb. 1, 1890</subfield><subfield code="w">(DLC)sn 84029779</subfield></datafield><datafield ind1="0" ind2="0" tag="785"><subfield code="t">Garden City herald (Garden City, Kan. : 1891)</subfield><subfield code="w">(DLC)sn 84029778</subfield></datafield></record>